@article{DiMauro:2015tfa,
      author         = "Di Mauro, Mattia and Donato, Fiorenza",
      journal        = "PRD",
      volume         = "91",
      pages          = "123001",
      year           = "2015",
      eprint         = "1501.05316",
      archivePrefix  = "arXiv",
      SLACcitation   = "%%CITATION = ARXIV:1501.05316;%%",
}

@article{DiMauro:2015jxa,
      author         = "Di Mauro, Mattia and others",
      journal        = "JCAP",
      volume         = "1605",
      year           = "2016",
      number         = "05",
      pages          = "031",
      doi            = "10.1088/1475-7516/2016/05/031",
      eprint         = "1507.07001",
      archivePrefix  = "arXiv",
      primaryClass   = "astro-ph.HE",
      SLACcitation   = "%%CITATION = ARXIV:1507.07001;%%"
}

@article{Tatischeff:2016ykb,
      author         = "Tatischeff, V. and others",
      journal        = "Proc. SPIE Int. Soc. Opt. Eng.",
      volume         = "9905",
      year           = "2016",
      pages          = "99052N",
      doi            = "10.1117/12.2231601",
      eprint         = "1608.03739",
      archivePrefix  = "arXiv",
      primaryClass   = "astro-ph.IM",
      SLACcitation   = "%%CITATION = ARXIV:1608.03739;%%"
}

@article{Moiseev:2015lva,
      author         = "Moiseev, A. A. and others",
      year           = "2015",
      eprint         = "1508.07349",
      archivePrefix  = "arXiv",
      primaryClass   = "astro-ph.IM",
      SLACcitation   = "%%CITATION = ARXIV:1508.07349;%%"
}

@inproceedings{Ong:2017ihp,
      author         = "Ong, Rene A.",
      booktitle      = "{Proceedings,  35th International Cosmic Ray Conference
                        (ICRC 2017): Bexco, Busan, Korea, July 12-20, 2017}",
      url            = "https://inspirehep.net/record/1624131/files/arXiv:1709.05434.pdf",
      year           = "2017",
      eprint         = "1709.05434",
      archivePrefix  = "arXiv",
      primaryClass   = "astro-ph.HE",
      SLACcitation   = "%%CITATION = ARXIV:1709.05434;%%"
}


@ARTICLE{2012PhRvD..85h3007A,
   author = {{Ackermann}, M. and others},
  journal = {PRD},
archivePrefix = "arXiv",
   eprint = {1202.2856},
 keywords = {Background radiations, gamma-ray, gamma-ray sources, gamma-ray bursts},
     year = 2012,
    month = apr,
   volume = 85,
   number = 8,
      eid = {083007},
    pages = {083007},
      doi = {10.1103/PhysRevD.85.083007},
   adsurl = {http://adsabs.harvard.edu/abs/2012PhRvD..85h3007A},
  adsnote = {Provided by the SAO/NASA Astrophysics Data System}
}

@article{Ackermann:2014usa,
      author         = "Ackermann, M. and others",
      collaboration  = "Fermi-LAT",
      journal        = "ApJ",
      number         = "1",
      volume         = "799",
      pages          = "86",
      doi            = "10.1088/0004-637X/799/1/86",
      year           = "2015",
      eprint         = "1410.3696",
      archivePrefix  = "arXiv",
      SLACcitation   = "%%CITATION = ARXIV:1410.3696;%%",
}

@article{Charles:2016pgz,
      author         = "Charles, E. and others",
      collaboration  = "Fermi-LAT",
      journal        = "Phys. Rept.",
      volume         = "636",
      year           = "2016",
      pages          = "1-46",
      doi            = "10.1016/j.physrep.2016.05.001",
      eprint         = "1605.02016",
      archivePrefix  = "arXiv",
      primaryClass   = "astro-ph.HE",
      reportNumber   = "FERMILAB-PUB-16-179-AE",
      SLACcitation   = "%%CITATION = ARXIV:1605.02016;%%"
}

@ARTICLE{2015ApJS..218...23A,
   author = {{Acero}, F. and others},
  journal = {ApJs},
archivePrefix = "arXiv",
   eprint = {1501.02003},
 keywords = {catalogs, gamma rays: general},
     year = 2015,
    month = jun,
   volume = 218,
      eid = {23},
    pages = {23},
      doi = {10.1088/0067-0049/218/2/23},
   adsurl = {http://adsabs.harvard.edu/abs/2015ApJS..218...23A},
  adsnote = {Provided by the SAO/NASA Astrophysics Data System}
}

@article{Calore:2016ogv,
      author         = "Calore, Francesca and others",
      year           = "2016",
      journal         = "arXiv: 1611.03503",
      eprint         = "1611.03503",
      archivePrefix  = "arXiv",
      primaryClass   = "astro-ph.HE",
      reportNumber   = "LAPTH-064-16, IFT-UAM-CSIC-16-118, FTUAM-16-40",
      SLACcitation   = "%%CITATION = ARXIV:1611.03503;%%"
}


@article{Evoli:2016xgn,
      author         = "Evoli, Carmelo and others",
      journal        = "JCAP",
      volume         = "1702",
      year           = "2017",
      number         = "02",
      pages          = "015",
      doi            = "10.1088/1475-7516/2017/02/015",
      eprint         = "1607.07886",
      archivePrefix  = "arXiv",
      primaryClass   = "astro-ph.HE",
      reportNumber   = "TUM-HEP-1056-16",
      SLACcitation   = "%%CITATION = ARXIV:1607.07886;%%"
}

@article{Manconi:2016byt,
      author         = "Manconi, Silvia and others",
      journal        = "JCAP",
      volume         = "1701",
      year           = "2017",
      number         = "01",
      pages          = "006",
      doi            = "10.1088/1475-7516/2017/01/006",
      eprint         = "1611.06237",
      archivePrefix  = "arXiv",
      primaryClass   = "astro-ph.HE",
      SLACcitation   = "%%CITATION = ARXIV:1611.06237;%%"
}

@article{DiMauro:2017jpu,
      author         = "Di Mauro, Mattia and others",
      journal        = "ApJ",
      volume         = "845",
      year           = "2017",
      number         = "2",
      pages          = "107",
      doi            = "10.3847/1538-4357/aa8225",
      eprint         = "1703.00460",
      archivePrefix  = "arXiv",
      primaryClass   = "astro-ph.HE",
      reportNumber   = "TUM-HEP-1078-17",
      SLACcitation   = "%%CITATION = ARXIV:1703.00460;%%"
}

@article{DeAngelis:2016slk,
      author         = "De Angelis, Alessandro and others",
      collaboration  = "e-ASTROGAM",
      doi            = "10.1007/s10686-017-9533-6",
      year           = "2016",
      journal         = "arXiv: 1611.02232",
      eprint         = "1611.02232",
      archivePrefix  = "arXiv",
      primaryClass   = "astro-ph.HE",
      SLACcitation   = "%%CITATION = ARXIV:1611.02232;%%"
}

@article{Donato:2017ywo,
      author         = "Donato, Fiorenza and others",
      journal        = "PRD",
      volume         = "96",
      year           = "2017",
      number         = "4",
      pages          = "043007",
      doi            = "10.1103/PhysRevD.96.043007",
      eprint         = "1704.03663",
      archivePrefix  = "arXiv",
      primaryClass   = "astro-ph.HE",
      SLACcitation   = "%%CITATION = ARXIV:1704.03663;%%"
}

@article{diMauro:2014zea,
      author         = "Di Mauro, Mattia and others",
      journal        = "PRD.",
      volume         = "90",
      year           = "2014",
      number         = "8",
      pages          = "085017",
      doi            = "10.1103/PhysRevD.90.085017",
      eprint         = "1408.0288",
      archivePrefix  = "arXiv",
      primaryClass   = "hep-ph",
      reportNumber   = "LAPTH-051-14",
      SLACcitation   = "%%CITATION = ARXIV:1408.0288;%%"
}

@ARTICLE{2010ApJ...720..435A,
   author = {{Abdo}, A.~A. and others},
  journal = {ApJ},
archivePrefix = "arXiv",
   eprint = {1003.0895},
 primaryClass = "astro-ph.CO",
 keywords = {cosmology: observations, diffuse radiation, galaxies: active, galaxies: jets, gamma rays: diffuse background, surveys},
     year = 2010,
    month = sep,
   volume = 720,
    pages = {435-453},
      doi = {10.1088/0004-637X/720/1/435},
   adsurl = {http://adsabs.harvard.edu/abs/2010ApJ...720..435A},
  adsnote = {Provided by the SAO/NASA Astrophysics Data System}
}

@ARTICLE{2012ApJ...755..164A,
   author = {{Ackermann}, M. and others},
  journal = {ApJ},
archivePrefix = "arXiv",
   eprint = {1206.1346},
 primaryClass = "astro-ph.HE",
 keywords = {cosmic rays, galaxies: starburst, gamma rays: diffuse background, gamma rays: galaxies},
     year = 2012,
    month = aug,
   volume = 755,
      eid = {164},
    pages = {164},
      doi = {10.1088/0004-637X/755/2/164},
   adsurl = {http://adsabs.harvard.edu/abs/2012ApJ...755..164A},
  adsnote = {Provided by the SAO/NASA Astrophysics Data System}
}

@ARTICLE{2012Sci...338.1190A,
   author = {{Ackermann}, M. and others},
  journal = {Science},
archivePrefix = "arXiv",
   eprint = {1211.1671},
 primaryClass = "astro-ph.CO",
     year = 2012,
    month = nov,
   volume = 338,
    pages = {1190},
      doi = {10.1126/science.1227160},
   adsurl = {http://adsabs.harvard.edu/abs/2012Sci...338.1190A},
  adsnote = {Provided by the SAO/NASA Astrophysics Data System}
}


@article{TheFermi-LAT:2017pvy,
      author         = "Ajello, M. and others",
      collaboration  = "Fermi-LAT",
      journal        = "ApJS",
      volume         = "232",
      year           = "2017",
      number         = "2",
      pages          = "18",
      doi            = "10.3847/1538-4365/aa8221",
      eprint         = "1702.00664",
      archivePrefix  = "arXiv",
      primaryClass   = "astro-ph.HE",
      SLACcitation   = "%%CITATION = ARXIV:1702.00664;%%"
}


@article{Massaro:2015nia,
      author         = "Massaro, E. and others",
      journal        = "Astrophys. Space Sci.",
      volume         = "357",
      year           = "2015",
      number         = "1",
      pages          = "75",
      doi            = "10.1007/s10509-015-2254-2",
      eprint         = "1502.07755",
      archivePrefix  = "arXiv",
      primaryClass   = "astro-ph.HE",
      SLACcitation   = "%%CITATION = ARXIV:1502.07755;%%"
}

@article{Capetti:2016srb,
      author         = "Capetti, A. and Massaro, F. and Baldi, R. D.",
      journal        = "A\&A",
      volume         = "598",
      year           = "2017",
      pages          = "A49",
      doi            = "10.1051/0004-6361/201629287",
      eprint         = "1610.09376",
      archivePrefix  = "arXiv",
      primaryClass   = "astro-ph.HE",
      SLACcitation   = "%%CITATION = ARXIV:1610.09376;%%"
}

@article{Capetti:2017fjb,
      author         = "Capetti, A. and Massaro, F. and Baldi, R.",
      journal        = "A\&A",
      volume         = "601",
      year           = "2017",
      pages          = "A81",
      doi            = "10.1051/0004-6361/201630247",
      eprint         = "1703.03427",
      archivePrefix  = "arXiv",
      primaryClass   = "astro-ph.HE",
      SLACcitation   = "%%CITATION = ARXIV:1703.03427;%%"
}
@article{DiMauro:2017ing,
      author         = "Di Mauro, M. and others",
      year           = "2017",
      eprint         = "1711.03111",
      journal  = "arXiv: 1711.03111",
      primaryClass   = "astro-ph.HE",
      SLACcitation   = "%%CITATION = ARXIV:1711.03111;%%"
}


@article{Ajello:2015mfa,
      author         = "Ajello, M. and others",
      journal        = "ApJ",
      volume         = "800",
      year           = "2015",
      number         = "2",
      pages          = "L27",
      doi            = "10.1088/2041-8205/800/2/L27",
      eprint         = "1501.05301",
      archivePrefix  = "arXiv",
      primaryClass   = "astro-ph.HE",
      SLACcitation   = "%%CITATION = ARXIV:1501.05301;%%"
}

@inproceedings{Vittino:2017fuh,
      author         = "Vittino, Andrea and others",
      booktitle      = "{Proceedings, ICRC 2017}",
      url            = "https://inspirehep.net/record/1613480/files/arXiv:1707.09003.pdf",
      year           = "2017",
      eprint         = "1707.09003",
      archivePrefix  = "arXiv",
      primaryClass   = "astro-ph.HE",
      SLACcitation   = "%%CITATION = ARXIV:1707.09003;%%"
}

@article{Herms:2016vop,
      author         = "Herms, Johannes and others",
      journal        = "JCAP",
      volume         = "1702",
      year           = "2017",
      number         = "02",
      pages          = "018",
      doi            = "10.1088/1475-7516/2017/02/018",
      eprint         = "1610.00699",
      archivePrefix  = "arXiv",
      primaryClass   = "astro-ph.HE",
      reportNumber   = "TUM-HEP-1063-16",
      SLACcitation   = "%%CITATION = ARXIV:1610.00699;%%"
}

@article{TheFermi-LAT:2015ykq,
      author         = "Ackermann, M. and others",
      collaboration  = "Fermi-LAT",
      journal        = "PRL",
      volume         = "116",
      year           = "2016",
      number         = "15",
      pages          = "151105",
      doi            = "10.1103/PhysRevLett.116.151105",
      eprint         = "1511.00693",
      archivePrefix  = "arXiv",
      primaryClass   = "astro-ph.CO",
      SLACcitation   = "%%CITATION = ARXIV:1511.00693;%%"
}

@article{Clark:2016unw,
      author         = "Clark, C. J. and others",
      journal        = "ApJ",
      volume         = "834",
      year           = "2017",
      number         = "2",
      pages          = "106",
      doi            = "10.3847/1538-4357/834/2/106",
      eprint         = "1611.01015",
      archivePrefix  = "arXiv",
      primaryClass   = "astro-ph.HE",
      SLACcitation   = "%%CITATION = ARXIV:1611.01015;%%"
}

@article{Bechtol:2015uqb,
      author         = "Bechtol, Keith and others",
      journal        = "ApJ",
      volume         = "836",
      year           = "2017",
      number         = "1",
      pages          = "47",
      doi            = "10.3847/1538-4357/836/1/47",
      eprint         = "1511.00688",
      archivePrefix  = "arXiv",
      primaryClass   = "astro-ph.HE",
      SLACcitation   = "%%CITATION = ARXIV:1511.00688;%%"
}

@article{Sanders:2003ms,
      author         = "Sanders, D. B. and others",
      journal        = "Astron. J.",
      volume         = "126",
      year           = "2003",
      pages          = "1607",
      doi            = "10.1086/376841",
      eprint         = "astro-ph/0306263",
      archivePrefix  = "arXiv",
      primaryClass   = "astro-ph",
      SLACcitation   = "%%CITATION = ASTRO-PH/0306263;%%"
}

@ARTICLE{2004ApJ...606..271G,
   author = {{Gao}, Y. and {Solomon}, P.~M.},
  journal = {ApJ},
   eprint = {astro-ph/0310339},
 keywords = {Galaxies: ISM, Galaxies: Starburst, Infrared: Galaxies, ISM: Molecules, Radio Lines: Galaxies},
     year = 2004,
    month = may,
   volume = 606,
    pages = {271-290},
      doi = {10.1086/382999},
   adsurl = {http://adsabs.harvard.edu/abs/2004ApJ...606..271G},
  adsnote = {Provided by the SAO/NASA Astrophysics Data System}
}

@article{Fermi-LAT:2017yoi,
      author         = "Ajello, M. and others",
      collaboration  = "Fermi-LAT",
      journal        = "Submitted to: Astrophys. J.",
      year           = "2017",
      eprint         = "1705.00009",
      archivePrefix  = "arXiv",
      primaryClass   = "astro-ph.HE",
      SLACcitation   = "%%CITATION = ARXIV:1705.00009;%%"
}

@ARTICLE{2012ApJ...751..108A,
   author = {{Ajello}, M. and others},
  journal = {ApJ},
archivePrefix = "arXiv",
   eprint = {1110.3787},
 keywords = {cosmology: observations, diffuse radiation, galaxies: active, galaxies: jets, gamma rays: diffuse background, surveys},
     year = 2012,
    month = jun,
   volume = 751,
      eid = {108},
    pages = {108},
      doi = {10.1088/0004-637X/751/2/108},
   adsurl = {http://adsabs.harvard.edu/abs/2012ApJ...751..108A},
  adsnote = {Provided by the SAO/NASA Astrophysics Data System}
}

@article{DiMauro:2014wha,
      author         = "Di Mauro, Mattia and others",
      journal        = "JCAP",
      number         = "11",
      volume         = "1411",
      pages          = "021",
      doi            = "10.1088/1475-7516/2014/11/021",
      year           = "2014",
      eprint         = "1407.3275",
      archivePrefix  = "arXiv",
      SLACcitation   = "%%CITATION = ARXIV:1407.3275;%%",
}

@article{Calore:2014oga,
      author         = "Calore, F. and others",
      journal        = "ApJ",
      volume         = "796",
      year           = "2014",
      pages          = "1",
      doi            = "10.1088/0004-637X/796/1/14",
      eprint         = "1406.2706",
      archivePrefix  = "arXiv",
      primaryClass   = "astro-ph.HE",
      SLACcitation   = "%%CITATION = ARXIV:1406.2706;%%"
}

@article{Calore:2014hna,
      author         = "Calore, F. and others",
      journal        = "MNRAS",
      volume         = "442",
      pages          = "1151-1156",
      doi            = "10.1093/mnras/stu912",
      year           = "2014",
      eprint         = "1402.0512",
      archivePrefix  = "arXiv",
      primaryClass   = "astro-ph.HE",
      reportNumber   = "LAPTH-009-14, PCCF-RI-14-03",
      SLACcitation   = "%%CITATION = ARXIV:1402.0512;%%",
}
@article{DiMauro:2013zfa,
      author         = "Di Mauro, M. and others",
      journal        = "ApJ",
      volume         = "786",
      pages          = "129",
      doi            = "10.1088/0004-637X/786/2/129",
      year           = "2014",
      eprint         = "1311.5708",
      archivePrefix  = "arXiv",
      primaryClass   = "astro-ph.HE",
      reportNumber   = "LAPTH-067-13",
      SLACcitation   = "%%CITATION = ARXIV:1311.5708;%%",
}
@article{DiMauro:2013asa,
      author         = "Di Mauro, Mattia and Donato, F. and Calore, F.",
      pages          = "87-90",
      year           = "2013",
      eprint         = "1305.4200",
      archivePrefix  = "arXiv",
      primaryClass   = "astro-ph.CO",
      SLACcitation   = "%%CITATION = ARXIV:1305.4200;%%",
}
@article{DiMauro:2013xta,
      author         = "Di Mauro, M. and others",
      journal        = "ApJ",
      volume         = "780",
      pages          = "161",
      doi            = "10.1088/0004-637X/780/2/161",
      year           = "2014",
      eprint         = "1304.0908",
      archivePrefix  = "arXiv",
      primaryClass   = "astro-ph.HE",
      SLACcitation   = "%%CITATION = ARXIV:1304.0908;%%",
}
@article{Calore:2013yia,
      author         = "Bringmann, Torsten and others",
      journal        = "PRD",
      volume         = "89",
      pages          = "023012",
      doi            = "10.1103/PhysRevD.89.023012",
      year           = "2014",
      eprint         = "1303.3284",
      archivePrefix  = "arXiv",
      primaryClass   = "astro-ph.CO",
      SLACcitation   = "%%CITATION = ARXIV:1303.3284;%%",
}
@article{DiMauro:2009qc,
      author         = "Di Mauro, M. and others",
      journal        = "Int.J.Geom.Meth.Mod.Phys.",
      volume         = "7",
      pages          = "887-898",
      doi            = "10.1142/S0219887810004592",
      year           = "2010",
      eprint         = "0911.2841",
      archivePrefix  = "arXiv",
      primaryClass   = "gr-qc",
      SLACcitation   = "%%CITATION = ARXIV:0911.2841;%%",
}
@article{Cirelli:2010xx,
      author         = "Cirelli, M. and others",
      journal        = "JCAP",
      volume         = "1103",
      year           = "2011",
      pages          = "051",
      doi            = "10.1088/1475-7516/2012/10/E01,
                        10.1088/1475-7516/2011/03/051",
      eprint         = "1012.4515",
      archivePrefix  = "arXiv",
      primaryClass   = "hep-ph",
      reportNumber   = "CERN-PH-TH-2010-057, SACLAY-T10-025, IFUP-TH-2010-44",
      SLACcitation   = "%%CITATION = ARXIV:1012.4515;%%"
}

@article{Fermi-LAT:2016uux,
      author         = "Albert, A. and others",
      collaboration  = "DES, Fermi-LAT",
      journal        = "Astrophys. J.",
      volume         = "834",
      year           = "2017",
      number         = "2",
      pages          = "110",
      doi            = "10.3847/1538-4357/834/2/110",
      eprint         = "1611.03184",
      archivePrefix  = "arXiv",
      primaryClass   = "astro-ph.HE",
      reportNumber   = "FERMILAB-PUB-16-073-AE",
      SLACcitation   = "%%CITATION = ARXIV:1611.03184;%%"
}